@techreport{
    ms11,
    author = {Criminisi, Antonio and Konukoglu, Ender and Shotton, Jamie},
    title = {Decision Forests for Classification, Regression, Density Estimation, Manifold Learning and Semi-Supervised Learning},
    booktitle = {},
    year = {2011},
    month = {October},
    publisher = {Microsoft Technical Report},
    note = "\url{https://www.microsoft.com/en-us/research/publication/decision-forests-for-classification-regression-density-estimation-manifold-learning-and-semi-supervised-learning/}",
}

@book{
	mitchell97,
    author = {Tom M. Mitchell},
    title = {Machine Learning},
    year = {1997},
    month = {March},
    chapter = {1.1 WELL-POSED LEARNING PROBLEMS},
    isbn = {0070428077},
}

@misc {
	alphago,
    title = {AlphaGo},
    note = "\url{https://deepmind.com/research/alphago/}"
}

@misc{ 
	go,
    author = "Wikipedia",
    title = "Go (game) --- Wikipedia{,} The Free Encyclopedia",
    year = "2017",
    note = "\url{https://en.wikipedia.org/w/index.php?title=Go_(game)&oldid=808897978}"
  }
  
@misc{ 
    supervised-learning,
    author = "Wikipedia",
    title = "Supervised learning --- Wikipedia{,} The Free Encyclopedia",
    year = "2017",
    note = "\url{https://en.wikipedia.org/w/index.php?title=Supervised_learning&oldid=809538176}"
}
  
@misc{
	mnist,
    author = "Yann LeCun, Corinna Cortes, Christopher Burges",
    title = "The MNIST database",
    note = "\url{http://yann.lecun.com/exdb/mnist/}"
}

@misc{ 
	unsupervised-learning,
    author = "Wikipedia",
    title = "Unsupervised learning --- Wikipedia{,} The Free Encyclopedia",
    year = "2017",
    note = "\url{https://en.wikipedia.org/w/index.php?title=Unsupervised_learning&oldid=806744572}"
}

@misc{ 
	semi-supervised-learning,
    author = "Wikipedia",
    title = "Semi-supervised learning --- Wikipedia{,} The Free Encyclopedia",
    year = "2017",
    note = "\url{https://en.wikipedia.org/w/index.php?title=Semi-supervised_learning&oldid=811431152}"
}

@misc{ 
	reinforcement-learning,
    author = "Wikipedia",
    title = "Reinforcement learning --- Wikipedia{,} The Free Encyclopedia",
    year = "2017",
    note = "\url{https://en.wikipedia.org/w/index.php?title=Reinforcement_learning&oldid=810477823}"
}

@misc{ 
	reinforcement-learning-silver15,
    author = "David Silver",
    title = "RL Course by David Silver - Lecture 1: Introduction to Reinforcement Learning",
    year = "2015",
    note = "\url{https://www.youtube.com/watch?v=2pWv7GOvuf0}"
}

@misc{ 
	class-and-regr,
    author = "Eric Cai",
    title = "Machine Learning Lesson of the Day â€“ Supervised Learning: Classification and Regression",
    year = "2014",
    note = "\url{https://chemicalstatistician.wordpress.com/2014/01/05/machine-learning-lesson-of-the-day-classification-and-regression/}"
}

@misc{
	log-complexity,
    author = "Wikipedia",
    title = "Computational complexity of mathematical operations --- Wikipedia{,} The Free Encyclopedia",
    year = "2017",
    note = "\url{https://en.wikipedia.org/w/index.php?title=Computational_complexity_of_mathematical_operations&oldid=808200458}"
  }